
@misc{syslogngenv,
  title = "syslog-ng fejlesztői környezet",
  howpublished = {\url{https://github.com/balabit/syslog-ng-docker/blob/master/syslog-ng-dev/Dockerfile} (Utoljára ellenőrizve: 2016. május 17.)},
}

@misc{JIRA,
    title = "{JIRA} {S}oftware (2016. május 17.)",
    howpublished="\url{https://www.atlassian.com/software/jira}",
}

@article{shore2004fail,
  title={Fail fast [software debugging]},
  author={Shore, Jim},
  journal={Software, IEEE},
  volume={21},
  number={5},
  year={2004},
  publisher={IEEE}
}

@article{driessen2010successful,
  title={A successful Git branching model},
  author={Driessen, Vincent},
  journal={\url{http://nvie.com/posts/a-successful-git-branching-model}},
  year={2010}
}


@misc{cve20141266,
    title = "Vulnerability {S}ummary for {CVE-2014-1266}",
    howpublished="\url{https://web.nvd.nist.gov/view/vuln/detail?vulnId=CVE-2014-1266} (Utoljára ellenőrizve: 2016. május 17.)",
}

@inproceedings{ThreeApproaches,
  title={A comparative evaluation of three approaches to specifying security requirements},
  author={Diallo, Mamadou H and Romero-Mariona, Jose and Sim, Susan Elliott and Richardson, Debra J},
  booktitle={12th Working Conference on Requirements Engineering: Foundation for Software Quality, Luxembourg},
  year={2006}
}

@article{schneier1999attack,
  title={Attack trees},
  author={Schneier, Bruce},
  journal={Dr. Dobb’s journal},
  volume={24},
  number={12},
  year={1999}
}

@incollection{huttermann2012infrastructure,
  title={Infrastructure as Code},
  author={H{\"u}ttermann, Michael},
  booktitle={DevOps for Developers},
  year={2012},
  pages={135--156},
  publisher={Springer}
}

@article{magnusson2014technology,
  title={Technology Debt: Toward a new theory of technology heritage},
  author={Magnusson, Johan and Bygstad, Bendik},
  year={2014}
}

@article{gerwitz2012agithorrorstory,
  title={A Git Horror Story: Repository Integrity With Signed Commits},
  author={Gerwitz, Mike},
  journal={\url{https://mikegerwitz.com/papers/git-horror-story} (Utoljára ellenőrizve: 2016. május 29.)},
  year={2012}
}

@article{alexander2003misuse,
  title={Misuse cases: Use cases with hostile intent},
  author={Alexander, Ian},
  journal={Software, IEEE},
  volume={20},
  number={1},
  pages={58--66},
  year={2003},
  publisher={IEEE}
}

@article{fowler2006continuous,
  title={Continuous integration},
  author={Fowler, Martin and Foemmel, Matthew},
  journal={Thought-Works) http://www.thoughtworks.com/ContinuousIntegration.pdf},
  pages={122},
  year={2006}
}


